=LDR  02184nam  2200193   4500
=001  0001
=008  150324s2007\\\\xxu\\\\\\\\\\\0\0\0\eng\d
=040  \\$aNNU$beng$cNNU
=100  1\$aVigdor, Jacob L.$2local
=245  00$aThe Katrina effect :$b was there a bright side to the evacuation of greater New Orleans?
=246  30$aBright side to the evacuation of greater New Orleans?
=260  \\$bNational Bureau of Economic Research$c2007
=490  0\$aWorking paper series (National Bureau of Economic Research) ; working paper no. 13022.
=500  \\$a"April 2007."
=505  0\$aI. Introduction -- II. A brief history of New Orleans -- III.The Hurricane Katrina Evacuees -- IV.Should the Katrina Effect be Positive or Negative? -- V. Estimation Strategy -- VI.Results -- VII.Conclusions -- References
=520  3\$aIn the presence of moving costs, individuals may remain in a region even when they expect to attain a higher standard of living elsewhere. When a natural disaster or other exogenous shock forces individuals to move, the net impact on living standards could be positive or negative. This paper uses longitudinal data from Current Population Surveys conducted between 2004 and 2006 to estimate the net impact of Hurricane Katrina-related evacuation on various indicators of well-being. While evacuees who have returned to the affected region show evidence of returning to normalcy in terms of labor supply and earnings, those who persisted in other locations exhibit large and persistent gaps, even relative to the poor outcomes of New Orleans-area residents prior to the storm. Evacuee outcomes show few if any relationships with host community characteristics, including unemployment and growth rates. The impact of evacuation on total income was blunted to some extent by government transfer payments and by self-employment activities. Overall, there is little evidence to support the notion that poor underemployed residents of the New Orleans area were disadvantaged by their location in a relatively depressed region.
=653  \\$a"Hurricane Katrina, 2005 Economic aspects."
=700  1\$aNational Bureau of Economic Research.$2local
=856  40$uhttp://www.nber.org/papers/W13022.pdf

