=LDR  00350nam  2200097   4500
=001  0002
=008  150324suuuu\\\\xxu\\\\\\b\\\\0\0\0\eng\d
=040  \\$aNNU$beng$cNNU
=245  00$aThe Katrina effect :$b was there a bright side to the evacuation of greater New Orleans?
=504  \\$aIncludes bibliographical references (p. 31-32).
=653  \\$aNew Orleans (La.) Economic conditions.

