=LDR  01405nam  2200169   4500
=001  0003
=008  150324s2007\\\\xxu\\\\\\\\\\\0\0\0\eng\d
=040  \\$aNNU$beng$cNNU
=100  1\$aHarris, Eric Dion$2local
=245  00$aEvaluating the Black family :$b an in-depth examination at the stress & resiliency associated with survivors of Hurricane Katrina
=260  \\$bMiami University$c2007
=500  \\$aTitle from first page of PDF document.
=506  \\$aAvailable online via OhioLINK's ETD Center.
=520  3\$aAs a researcher, I am most interested in the journey in order to understand how families have responded once exposed to specific familial stressors. A qualitative research paradigm was used to understand how the six adults from New Orleans were affected by Hurricane Katrina. Results indicated that the same stressors that were in the African American families after Hurricane Katrina were a staple well before. Limitations were also addressed. The data collected from these contributing adult members of African American families suggest there is a lot more research that need to be conducted concerning forced relocating that includes the effects on family life and the need for government intervention.
=653  \\$aAfrican American families.
=700  1\$aMiami University (Oxford, Ohio). Dept. of Family Studies and Social Work$2local
=856  40$uhttp://rave.ohiolink.edu/etdc/view?acc%5Fnum=miami1177016293

