=LDR  00499nam  2200109   4500
=001  0004
=008  150324suuuu\\\\xxu\\\\\\\\\\\0\0\0\eng\d
=040  \\$aNNU$beng$cNNU
=245  00$aEvaluating the Black family :$b an in-depth examination at the stress & resiliency associated with survivors of Hurricane Katrina
=502  \\$aThesis (M.S.)--Miami University, Dept. of Family Studies and Social Work, 2007.
=653  \\$aAfrican Americans Family relationships.
=700  1\$aOhioLINK Electronic Theses and Dissertations Center$2local

