=LDR  00392nam  2200097   4500
=001  0005
=008  150324suuuu\\\\xxu\\\\\\b\\\\0\0\0\eng\d
=040  \\$aNNU$beng$cNNU
=245  00$aEvaluating the Black family :$b an in-depth examination at the stress & resiliency associated with survivors of Hurricane Katrina
=504  \\$aIncludes bibliographical references (p. 35-39).
=653  \\$aHurricane Katrina, 2005 Social aspects.

