=LDR  00314nam  2200085   4500
=001  0008
=008  150324suuuu\\\\xxu\\\\\\\\\\\0\0\0\eng\d
=040  \\$aNNU$beng$cNNU
=245  00$aEvaluating the Black family :$b an in-depth examination at the stress & resiliency associated with survivors of Hurricane Katrina
=653  \\$aAfrican-American families

