=LDR  02224nam  2200133   4500
=001  00012
=008  150324s2007\\\\xxu\\\\\\\\\\\0\0\0\eng\d
=040  \\$aNNU$beng$cNNU
=245  00$aThe children Hurricane Katrina left behind :$b schooling context, professional preparation, and community politics
=260  \\$bPeter Lang$c2007
=500  \\$a"Published for the American Association of Colleges for Teacher Education."
=505  0\$aCrossing the waters : Katrina and the other great migration-lessons for African American K-12 students' education / Kassie Freeman -- Now they're wet : Hurricane Katrina as metaphor for social and educational neglect / Gloria Ladson-Billings -- What Hurricane Katrina uncovered about schooling in America / Jacqueline Jordan Irvine -- Hurricane Katrina : catastrophe or opportunity? / Jacqueline Leonard -- Still waters run deep : cracks in the educational pipeline for African American students post-Hurricane Katrina / Eboni M. Zamani-Gallaher, Vernon C. Polite -- Drowning beneath the rising tide : the common plight of public schools, disadvantaged students, and African American males / M. Christopher Brown II, T. Elon Dancy II, James Earl Davis -- Reflections on educational equity in post-Katrina New Orleans / Vivian L. Gadsden, Susan Fuhrman -- Disastrous opportunity / Ira Lit, Jon Snyder -- Post-Katrina educational contexts : breaking the rules / M. Jayne Fleener ... [et al.] -- Benign neglect or deliberate exclusion? lessons learned from Hurricane Katrina / P. Rudy Mattai, Jacqueline M. Williams -- For they are us : "tools" for a post-Katrina curriculum and community / Pamela K. Smith, Pat Williams-Boyd -- Creating world-class teachers : prospects for Katrina recovery and beyond / Sharon Porter Robinson, Penny Engel -- Tikkun olam / Arthur E. Levine -- Wastebasket kids and Katrina : reflections from a "Jim Crow" child / Dianne Smith -- Can you hear me now? transforming today's challenges to position America for the future / Mary Hatwood Futrell -- A continuing Katrina for at-risk children : how we can make it right / Arthur E. Wise, Jane A. Leibbrand -- Children drowning in our tears / Lynn Huntley.
=653  \\$aAfrican American children Education.
=700  1\$aRobinson, Sharon P.$2local

