=LDR  00416nam  2200109   4500
=001  00013
=008  150324suuuu\\\\xxu\\\\\\b\\\\0\0\0\eng\d
=040  \\$aNNU$beng$cNNU
=245  00$aThe children Hurricane Katrina left behind :$b schooling context, professional preparation, and community politics
=504  \\$aIncludes bibliographical references.
=653  \\$aDiscrimination in education United States.
=700  1\$aBrown, M. Christopher.$2local

