=LDR  00314nam  2200085   4500
=001  00015
=008  150324suuuu\\\\xxu\\\\\\\\\\\0\0\0\eng\d
=040  \\$aNNU$beng$cNNU
=245  00$aThe children Hurricane Katrina left behind :$b schooling context, professional preparation, and community politics
=653  \\$aHurricane Katrina, 2005 Social aspects.

