=LDR  01075ngm  2200169   4500
=001  00016
=008  150324s2006\\\\xxu\\\\\\\\\\\0\0\0\eng\d
=040  \\$aNNU$beng$cNNU
=245  00$aHurrican Katrina :$b come hell and high water
=260  \\$bHDNet$c2006
=500  \\$aA downloadable video file.
=506  \\$aDigital content provided by OverDrive; access may be restricted to users at subscribing institutions.
=520  3\$a"World Report cameras have been working along the Gulf Coast since before Katrina's first winds struck. The death and destruction from the storm is ranking it near the top of the list of natural disasters in America. The damage is proving to be of such epic proportions that it will reshape both the people and the places that were legendary and traditional parts of this part of this country"--Title details screen.
=653  \\$a"Hurricane Katrina, 2005."
=655  \7$aDocumentary television programs$2local
=700  1\$aHDNet (Firm)$2local
=856  40$uhttp://www.contentreserve.com/TitleInfo.asp?ID={lcub}lcub{rcub}14E1AFB1-EA62-4BB5-9347-A5D6942C9F43{lcub}rcub{rcub}&Format=35#Excerpt

