=LDR  00564nam  2200145   4500
=001  00017
=008  150324suuuu\\\\xxu\\\\\\\\\\\0\0\0\eng\d
=040  \\$aNNU$beng$cNNU
=245  00$aHurrican Katrina :$b come hell and high water
=260  \\$bMade available by OverDrive
=500  \\$aTitle from: Title details screen (viewed on November 9, 2006).
=653  \\$aFloods Louisiana New Orleans
=655  \7$aDownloadable video collection$2local
=700  1\$aOverDrive, Inc.$2local
=856  40$uhttp://excerpts.contentreserve.com/FormatType-35/1229-1/110484-HurricaneKatrinaComeHellAndHigh.wmv

