=LDR  00353nam  2200097   4500
=001  00018
=008  150324suuuu\\\\xxu\\\\\\\\\\\0\0\0\eng\d
=040  \\$aNNU$beng$cNNU
=245  00$aHurrican Katrina :$b come hell and high water
=500  \\$aOriginally broadcast on television as episode 367 of HDNet World Report in 2005.
=653  \\$aEmergency management Political aspects Gulf States

