=LDR  00266nam  2200097   4500
=001  00019
=008  150324suuuu\\\\xxu\\\\\\\\\\\0\0\0\eng\d
=040  \\$aNNU$beng$cNNU
=245  00$aHurrican Katrina :$b come hell and high water
=500  \\$aRuntime: 52 min.
=653  \\$aDisaster relief Gulf States

