=LDR  00263nam  2200085   4500
=001  00020
=008  150324suuuu\\\\xxu\\\\\\\\\\\0\0\0\eng\d
=040  \\$aNNU$beng$cNNU
=245  00$aHurrican Katrina :$b come hell and high water
=653  \\$aAfrican Americans Louisiana New Orleans Social conditions

